@article{rocki_suda_2010, 
    title={Parallel Minimax Tree Searching on GPU}, 
    DOI={10.1007/978-3-642-14390-8_47}, 
    journal={Parallel Processing and Applied Mathematics Lecture Notes in Computer Science}, 
    author={Rocki, Kamil and Suda, Reiji}, 
    year={2010}, 
    pages={449â€“456}
}

@article{singhal_sridevi_2019,
    title={Comparative study of performance of parallel alpha Beta Pruning for different architectures}, 
    DOI={10.1109/iacc48062.2019.8971591}, 
    journal={2019 IEEE 9th International Conference on Advanced Computing (IACC)},
    author={Singhal, Shubhendra Pal and Sridevi, M.}, 
    year={2019}
}

@article{kumari_singh_2017, 
    title={Parallelization of Alpha-Beta Pruning Algorithm for enhancing the two player games},
    volume={4}, 
    number={2}, 
    journal={International Journal of Advances in Electronics and Computer Science},
    author={Kumari, Akansha and Singh, Shreya},
    year={2017}, 
    month={Feb}
}
